<?xml version="1.0" encoding="UTF-8"?><collection xmlns="http://www.loc.gov/MARC21/slim"><record><leader>00463nam--2200145-i-4500</leader><controlfield tag="001">000020090</controlfield><controlfield tag="002">20161230</controlfield><controlfield tag="005">20161230201033</controlfield><controlfield tag="008">060222s1000------------r-----000-0-eng-d</controlfield><datafield ind1=" " ind2=" " tag="080"><subfield code="a">517.537.6(043)</subfield></datafield><datafield ind1=" " ind2=" " tag="100"><subfield code="a">Elmethni, Mohamed</subfield></datafield><datafield ind1=" " ind2=" " tag="245"><subfield code="a">Ultraconvergence et singularites des elements c-dirichletiens(d apres shackell). these</subfield></datafield><datafield ind1=" " ind2=" " tag="260"><subfield code="a">Grenoble, Universite Scientifique Et Medicale, 1980./Pag.Dif.</subfield></datafield><datafield ind1=" " ind2=" " tag="852"><subfield code="a">71074</subfield><subfield code="c">517.53</subfield></datafield><datafield ind1=" " ind2=" " tag="CAT"><subfield code="a">Sys</subfield><subfield code="c">20080820</subfield><subfield code="h">135625</subfield></datafield></record></collection>